<record><leader>00000cas a2200000 a 4500</leader><controlfield tag="001">40325349</controlfield><controlfield tag="008">981116d190u1909miuwr n       0    0eng c</controlfield><datafield ind1=" " ind2=" " tag="010"><subfield code="a">sn 98066959 </subfield></datafield><datafield ind1=" " ind2=" " tag="040"><subfield code="a">MHN</subfield><subfield code="b">eng</subfield><subfield code="c">MHN</subfield><subfield code="d">OCL</subfield><subfield code="d">OCLCQ</subfield><subfield code="d">OCLCF</subfield><subfield code="d">OCLCO</subfield></datafield><datafield ind1="1" ind2=" " tag="029"><subfield code="a">AU@</subfield><subfield code="b">000014355973</subfield></datafield><datafield ind1=" " ind2=" " tag="042"><subfield code="a">pcc</subfield></datafield><datafield ind1=" " ind2=" " tag="043"><subfield code="a">n-us-mi</subfield></datafield><datafield ind1="0" ind2="0" tag="245"><subfield code="a">Otsego County times.</subfield></datafield><datafield ind1=" " ind2=" " tag="260"><subfield code="a">Gaylord, Mich. :</subfield><subfield code="b">R.B. Crehore</subfield></datafield><datafield ind1=" " ind2=" " tag="300"><subfield code="a">v.</subfield></datafield><datafield ind1=" " ind2=" " tag="310"><subfield code="a">Weekly</subfield></datafield><datafield ind1="0" ind2=" " tag="362"><subfield code="a">-v. 5, no. 17 (Nov. 26, 1909).</subfield></datafield><datafield ind1=" " ind2=" " tag="500"><subfield code="a">Issues include supplement called The Vanderbilt times, official paper Vanderbilt Village Council, Nov. 22, 1907-Nov. 26, 1909.</subfield></datafield><datafield ind1=" " ind2=" " tag="580"><subfield code="a">Merged with: Otsego County herald, to form: Otsego County herald and times.</subfield></datafield><datafield ind1=" " ind2=" " tag="588"><subfield code="a">Description based on: Vol. 1, no. 22 (Jan. 5, 1906).</subfield></datafield><datafield ind1=" " ind2="0" tag="651"><subfield code="a">Gaylord (Mich.)</subfield><subfield code="v">Newspapers.</subfield></datafield><datafield ind1=" " ind2="0" tag="651"><subfield code="a">Otsego County (Mich.)</subfield><subfield code="v">Newspapers.</subfield></datafield><datafield ind1=" " ind2="7" tag="655"><subfield code="a">Newspapers.</subfield><subfield code="2">fast</subfield><subfield code="0">(OCoLC)fst01423814</subfield></datafield><datafield ind1=" " ind2="7" tag="651"><subfield code="a">Michigan</subfield><subfield code="z">Gaylord.</subfield><subfield code="2">fast</subfield><subfield code="0">(OCoLC)fst01228858</subfield></datafield><datafield ind1=" " ind2="7" tag="651"><subfield code="a">Michigan</subfield><subfield code="z">Otsego County.</subfield><subfield code="2">fast</subfield><subfield code="0">(OCoLC)fst01214748</subfield></datafield><datafield ind1=" " ind2=" " tag="752"><subfield code="a">United States</subfield><subfield code="b">Michigan</subfield><subfield code="c">Otsego</subfield><subfield code="d">Gaylord.</subfield></datafield><datafield ind1="1" ind2="7" tag="785"><subfield code="t">Otsego County herald</subfield><subfield code="w">(DLC)sn 85026532</subfield><subfield code="w">(OCoLC)12267161</subfield></datafield><datafield ind1="1" ind2="7" tag="785"><subfield code="t">Otsego County herald and times</subfield><subfield code="w">(DLC)sn 98066466</subfield><subfield code="w">(OCoLC)39725401</subfield></datafield></record>